@book{Knoll:RadMeasurement,
      author        = "Knoll, Glenn F",
      title         = "{Radiation detection and measurement; 4th ed.}",
      publisher     = "Wiley",
      address       = "New York, NY",
      year          = "2010",
      url           = "http://cds.cern.ch/record/1300754",
}

@book{LabInstruction,
      author        = "Helsinki instructors",
      title         = "Nordic detector technology course, proportional counter
                       lab instructions",
      publisher     = "Helsinki instute",
      address       = "Helsinki, Fi",
      year          = "2015",
      url           = "https://indico.nbi.ku.dk/conferenceOtherViews.py?confId=758&view=standard",
}